@article{FastMassSpring,
  note = {Proceedings of ACM SIGGRAPH Asia 2013, Hong Kong},
  title = {Fast Simulation of Mass-Spring Systems},
  journal = {ACM Transactions on Graphics},
  author = {Tiantian Liu and Adam W. Bargteil and James F. O'Brien and Ladislav Kavan},
  number = 6,
  month = nov,
  volume = 32,
  year = 2013,
  pages = {209:1--7},
  url = {http://cg.cis.upenn.edu/publications/Liu-FMS},
}